% Encoding: UTF-8




@article{Abadie2004,
	Author = {A. Abadie and D. Drukker and J.L. Herr and G.W. Imbens},
	Groups = {Courts and Corporations},
	Journal = {Stata Journal},
	Owner = {herpfer},
	Pages = {290--311},
	Publisher = {STATA PRESS},
	Timestamp = {2015.07.02},
	Title = {Implementing matching estimators for average treatment effects in Stata},
	Volume = {4},
	Year = {2004}}

@article{Abadie2002,
	Author = {A. Abadie and G.W. Imbens},
	Groups = {Courts and Corporations},
	Note = {Unpublished working paper, National Bureau of Economic Research Cambridge},
	Owner = {herpfer},
	Publisher = {National Bureau of Economic Research Cambridge, Mass., USA},
	Timestamp = {2015.07.02},
	Title = {Simple and bias-corrected matching estimators for average treatment effects},
	Year = {2002}}

@article{Acemoglu2005,
	Author = {D. Acemoglu and S. Johnson},
	Groups = {Courts and Corporations},
	Journal = {Journal of Political Economy},
	Number = {5},
	Owner = {herpfer},
	Pages = {949--995},
	Publisher = {University of Chicago Press},
	Timestamp = {2015.04.21},
	Title = {Unbundling institutions},
	Volume = {113},
	Year = {2005}}

@article{Acemoglu2001,
	Author = {D. Acemoglu and S. Johnson and J.A. Robinson},
	Groups = {Courts and Corporations},
	Journal = {American Economic Review},
	Number = {5},
	Owner = {herpfer},
	Pages = {1369--1401},
	Timestamp = {2015.05.01},
	Title = {The colonial origins of comparative development: An empirical investigation},
	Volume = {91},
	Year = {2001}}

@unpublished{Agarwal2014,
	Author = {Agarwal, Sumit and Ben-David, Itzhak},
	Groups = {Relationship Lending},
	Institution = {National Bureau of Economic Research},
	Note = {NBER Working Paper 19945},
	Owner = {herpfer},
	Timestamp = {2014.12.01},
	Title = {Loan prospecting and the loss of soft information},
	Year = {2014}}

@Article{Agarwal2010,
  author    = {Agarwal, Sumit and Hauswald, Robert},
  title     = {Distance and private information in lending},
  journal   = {Review of Financial Studies},
  year      = {2010},
  volume    = {23},
  number    = {7},
  pages     = {2757-2788},
  groups    = {Relationship Lending},
  owner     = {herpfer},
  publisher = {Soc Financial Studies},
  timestamp = {2014.11.25},
}

@Article{Akerlof1970,
  author    = {Akerlof, George A},
  title     = {The market for" lemons": Quality uncertainty and the market mechanism},
  journal   = {Quarterly Journal of Economics},
  year      = {1970},
  pages     = {488--500},
  owner     = {herpfer},
  publisher = {JSTOR},
  timestamp = {2013.05.28},
}

@article{Alessandrini2009,
	Author = {Alessandrini, Pietro and Presbitero, Andrea F and Zazzaro, Alberto},
	Groups = {Relationship Lending},
	Journal = {Review of Finance},
	Number = {2},
	Owner = {herpfer},
	Pages = {261--307},
	Publisher = {Oxford University Press},
	Timestamp = {2014.11.25},
	Title = {Banks, distances and firms' financing constraints},
	Volume = {13},
	Year = {2009}}

@Article{Allen2000,
  author    = {Allen, Jeffrey W and Phillips, Gordon M},
  title     = {Corporate equity ownership, strategic alliances, and product market relationships},
  journal   = {Journal of Finance},
  year      = {2000},
  volume    = {55},
  number    = {6},
  pages     = {2791-2815},
  groups    = {Relationship Lending},
  owner     = {herpfer},
  publisher = {Wiley Online Library},
  timestamp = {2016.02.17},
}

@article{Armour2012,
	Author = {J. Armour and B. Black and B. Cheffins},
	Groups = {Relationship Lending, Courts and Corporations},
	Journal = {Journal of Empirical Legal Studies},
	Number = {4},
	Owner = {herpfer},
	Pages = {605--656},
	Publisher = {Wiley Online Library},
	Timestamp = {2015.04.30},
	Title = {Is Delaware losing its cases?},
	Volume = {9},
	Year = {2012}}

@article{armstrong2003,
	Author = {Armstrong, J.},
	Groups = {Courts and Corporations},
	Note = {Unpublished Working Paper, Bank of Canada},
	Title = {The syndicated loan market: Developments in the {N}orth {A}merican context},
	Year = {2003}}

@article{Bailey2006,
	Author = {M.J. Bailey},
	Groups = {Courts and Corporations},
	Journal = {Quarterly Journal of Economics},
	Owner = {herpfer},
	Pages = {289--320},
	Publisher = {JSTOR},
	Timestamp = {2015.04.30},
	Title = {More power to the pill: The impact of contraceptive freedom on women's life cycle labor supply},
	Volume = {121},
	Year = {2006}}

@article{Bargigli2015,
	Author = {Bargigli, Leonardo and Di Iasio, Giovanni and Infante, Luigi and Lillo, Fabrizio and Pierobon, Federico},
	Journal = {Quantitative Finance},
	Number = {4},
	Owner = {herpfer},
	Pages = {673--691},
	Publisher = {Taylor \& Francis},
	Timestamp = {2016.02.16},
	Title = {The multiplex structure of interbank networks},
	Volume = {15},
	Year = {2015}}

@Article{Barzuza2014,
  author    = {M. Barzuza and D.C. Smith},
  title     = {What happens in Nevada? Self-selecting into lax law},
  journal   = {Review of Financial Studies},
  year      = {2015},
  groups    = {Courts and Corporations},
  owner     = {herpfer},
  publisher = {Soc Financial Studies},
  timestamp = {2015.07.02},
}

@article{Bebchuk2011,
	Author = {Bebchuk, Lucian A and Cremers, KJ and Peyer, Urs C},
	Journal = {Journal of Financial Economics},
	Number = {1},
	Owner = {herpfer},
	Pages = {199--221},
	Publisher = {Elsevier},
	Timestamp = {2013.05.26},
	Title = {The CEO pay slice},
	Url = {http://www.sciencedirect.com/science/article/pii/S0304405X11001188},
	Volume = {102},
	Year = {2011},
	Bdsk-Url-1 = {http://www.sciencedirect.com/science/article/pii/S0304405X11001188}}

@article{bebchuk2002managerial,
	Author = {Bebchuk, Lucian Arye and Fried, Jesse M and Walker, David I},
	Comment = {Fat Cat theory of entrenched managers.},
	Groups = {Rank Order Torunaments},
	Institution = {National Bureau of Economic Research},
	Title = {Managerial power and rent extraction in the design of executive compensation},
	Year = {2002}}

@article{Beck2013,
	Author = {Beck, Thorsten and Behr, Patrick and G{\"u}ttler, Andre},
	Comment = {Use data albania that show experienced femlae loan officers are better at making loans to people. No advantage when making loans to individuals and no advantage if inexperienced.},
	Groups = {Relationship Lending},
	Journal = {Review of Finance},
	Number = {4},
	Owner = {herpfer},
	Pages = {1279--1321},
	Publisher = {Oxford University Press},
	Timestamp = {2014.12.01},
	Title = {Gender and banking: Are women better loan officers?},
	Volume = {17},
	Year = {2013}}

@unpublished{Beck2014,
	Author = {Beck, Thorsten and Degryse, Hans and De Haas, Ralph and Van Horen, Neeltje},
	Groups = {Relationship Lending},
	Note = {KU Leuven, Working Paper},
	Owner = {herpfer},
	Publisher = {BOFIT Discussion Paper},
	Timestamp = {2015.06.04},
	Title = {When arm's length is too far. Relationship banking over the business cycle},
	Year = {2014}}

@article{Beck2003,
	Author = {T. Beck and A. Demirg{\"u}{\c{c}}-Kunt and R. Levine},
	Groups = {Courts and Corporations},
	Journal = {Journal of Financial Economics},
	Number = {2},
	Owner = {herpfer},
	Pages = {137--181},
	Publisher = {Elsevier},
	Timestamp = {2015.05.01},
	Title = {Law, endowments, and finance},
	Volume = {70},
	Year = {2003}}

@article{becker2013,
	Author = {B. Becker and D. Bergstresser and G. Subramanian},
	Groups = {Courts and Corporations},
	Journal = {Journal of Law and Economics},
	Number = {1},
	Pages = {127--160},
	Publisher = {JSTOR},
	Volume = {56},
	Year = {2013}}

@Article{becker2012,
  author    = {B. Becker and P. Str{\"o}mberg},
  title     = {Fiduciary duties and equity-debtholder conflicts},
  journal   = {Review of Financial Studies},
  year      = {2012},
  volume    = {25},
  number    = {6},
  pages     = {1931--1969},
  groups    = {Courts and Corporations},
  publisher = {Soc Financial Studies},
}

@unpublished{Behr2014,
	Groups = {Relationship Lending},
	Note = {University of Texas, Working Paper},
	Owner = {herpfer},
	Publisher = {Upublished working paper},
	Timestamp = {2015.08.12},
	Title = {Financial incentives and loan officer behavior},
	Year = {2014}}

@article{Bellucci2013,
	Author = {Bellucci, Andrea and Borisov, Alexander and Zazzaro, Alberto},
	Groups = {Relationship Lending},
	Journal = {Journal of Banking \& Finance},
	Number = {11},
	Owner = {herpfer},
	Pages = {4183--4197},
	Publisher = {Elsevier},
	Timestamp = {2015.02.15},
	Title = {Do banks price discriminate spatially? Evidence from small business lending in local credit markets},
	Volume = {37},
	Year = {2013}}

@unpublished{Berg2014,
	Author = {Berg, Tobias and Puri, Manju and Rocholl, Jorg},
	Comment = {use data on laon officers and how often they input data in automated scoring system to game a pricing algorithm. super hardcore data insanity wow.},
	Groups = {Relationship Lending},
	Institution = {Unpublished working paper},
	Note = {NBER Working Paper 19051},
	Owner = {herpfer},
	Timestamp = {2014.12.01},
	Title = {Loan officer incentives and the limits of hard information},
	Year = {2014}}

@Article{Berg2015,
  author    = {Berg, Tobias and Saunders, Anthony and Steffen, Sascha},
  title     = {The Total Cost of Corporate Borrowing in the Loan Market: Don't Ignore the Fees},
  journal   = {Journal of Finance, forthcoming},
  year      = {2015},
  groups    = {Relationship Lending},
  owner     = {herpfer},
  publisher = {Wiley Online Library},
  timestamp = {2015.08.12},
}

@article{Berger2005,
	Author = {Berger, Allen N and Miller, Nathan H and Petersen, Mitchell A and Rajan, Raghuram G and Stein, Jeremy C},
	Groups = {Relationship Lending},
	Journal = {Journal of Financial Economics},
	Number = {2},
	Owner = {herpfer},
	Pages = {237--269},
	Publisher = {Elsevier},
	Timestamp = {2014.11.25},
	Title = {Does function follow organizational form? Evidence from the lending practices of large and small banks},
	Volume = {76},
	Year = {2005}}

@article{Berger1998,
	Author = {Berger, Allen N and Saunders, Anthony and Scalise, Joseph M and Udell, Gregory F},
	Groups = {Relationship Lending},
	Journal = {Journal of Financial Economics},
	Number = {2},
	Owner = {herpfer},
	Pages = {187--229},
	Publisher = {Elsevier},
	Timestamp = {2014.11.25},
	Title = {The effects of bank mergers and acquisitions on small business lending},
	Volume = {50},
	Year = {1998}}

@article{Berger2006,
	Author = {Berger, Allen N and Udell, Gregory F},
	Groups = {Relationship Lending},
	Journal = {Journal of Banking \& Finance},
	Number = {11},
	Owner = {herpfer},
	Pages = {2945--2966},
	Publisher = {Elsevier},
	Timestamp = {2016.01.11},
	Title = {A more complete conceptual framework for {SME} finance},
	Volume = {30},
	Year = {2006}}

@article{Berger1995,
	Author = {Berger, Allen N and Udell, Gregory F},
	Groups = {Relationship Lending},
	Journal = {Journal of Business},
	Number = {3},
	Owner = {herpfer},
	Pages = {351--381},
	Publisher = {JSTOR},
	Timestamp = {2014.11.25},
	Title = {Relationship lending and lines of credit in small firm finance},
	Volume = {68},
	Year = {1995}}

@article{berner:2014,
	Author = {Endre Berner and Aksel Mj{\o}s and Marius Olving},
	Groups = {Relationship Lending},
	Institution = {SNF},
	Number = {SNF Working Paper 10/14},
	Owner = {herpfer},
	Timestamp = {2015.02.25},
	Title = {Norwegian Corporate Accounts - Documentation and quality assurance of SNF's and NHH's database of accounting and company information for Norwegian companies},
	Year = {2014}}

@Article{Bernile2015,
  author    = {G. Bernile and A. Kumar and J. Sulaeman},
  title     = {Home away from home: Geography of information and local investors},
  journal   = {Review of Financial Studies},
  year      = {2015},
  groups    = {Courts and Corporations},
  owner     = {herpfer},
  timestamp = {2015.04.30},
}

@article{Bertrand2003,
	Author = {M. Bertrand and S. Mullainathan},
	Groups = {Relationship Lending, Courts and Corporations},
	Journal = {Journal of Political Economy},
	Number = {5},
	Owner = {herpfer},
	Pages = {1043--1075},
	Publisher = {JSTOR},
	Timestamp = {2014.12.08},
	Title = {Enjoying the quiet life? Corporate governance and managerial preferences},
	Volume = {111},
	Year = {2003}}

@article{Bhagat2002,
	Author = {S. Bhagat and R. Romano},
	Groups = {Courts and Corporations},
	Journal = {American Law and Economics Review},
	Number = {2},
	Owner = {herpfer},
	Pages = {380--423},
	Publisher = {Am Law Econ Assoc},
	Timestamp = {2015.04.30},
	Title = {Event studies and the law: Part II: Empirical studies of corporate law},
	Volume = {4},
	Year = {2002}}

@Article{Bharath2011,
  author    = {Bharath, Sreedhar and Dahiya, Sandeep and Saunders, Anthony and Srinivasan, Anand},
  title     = {Lending Relationships and Loan Contract Terms},
  journal   = {Review of Financial Studies},
  year      = {2011},
  volume    = {24},
  number    = {4},
  pages     = {1141--1203},
  groups    = {Relationship Lending},
  owner     = {herpfer},
  publisher = {JSTOR},
}

@Article{Bhattacharya1988,
  author    = {Bhattacharya, Sudipto and Guasch, J Luis},
  title     = {Heterogeneity, tournaments, and hierarchies},
  journal   = {Journal of Political Economy},
  year      = {1988},
  pages     = {867--881},
  comment   = {Rank order tournaments, different contracts offered. Payments in one contract depend on output produced by lowest type: If output in tournament is below that of lowest type, this is a sign of low effort and a penalty is issued.},
  owner     = {herpfer},
  publisher = {JSTOR},
  timestamp = {2013.04.10},
}

@article{Blackwell1997,
	Author = {Blackwell, David W and Winters, Drew B},
	Groups = {Relationship Lending},
	Journal = {Journal of Financial Research},
	Number = {2},
	Owner = {herpfer},
	Pages = {275--289},
	Publisher = {Wiley Online Library},
	Timestamp = {2015.06.04},
	Title = {Banking relationships and the effect of monitoring on loan pricing},
	Volume = {20},
	Year = {1997}}

@article{Bodenhorn2007,
	Author = {Bodenhorn, Howard},
	Groups = {Relationship Lending},
	Journal = {Explorations in Economic History},
	Number = {2},
	Owner = {herpfer},
	Pages = {179--202},
	Publisher = {Elsevier},
	Timestamp = {2015.08.12},
	Title = {Usury ceilings and bank lending behavior: Evidence from nineteenth century New York},
	Volume = {44},
	Year = {2007}}

@article{Bognanno2001,
	Author = {Bognanno, Michael L},
	Journal = {Journal of Labor Economics},
	Number = {2},
	Owner = {herpfer},
	Pages = {290--315},
	Publisher = {JSTOR},
	Timestamp = {2013.05.26},
	Title = {Corporate tournaments},
	Volume = {19},
	Year = {2001}}

@article{Boone2012,
	Author = {Boone, Audra L and Ivanov, Vladimir I},
	Groups = {Relationship Lending},
	Journal = {Journal of Financial Economics},
	Number = {3},
	Owner = {herpfer},
	Pages = {551--569},
	Publisher = {Elsevier},
	Timestamp = {2016.02.17},
	Title = {Bankruptcy spillover effects on strategic alliance partners},
	Volume = {103},
	Year = {2012}}

@article{Boot2000,
	Author = {Boot, Arnoud WA},
	Groups = {Relationship Lending},
	Journal = {Journal of Financial Intermediation},
	Number = {1},
	Owner = {herpfer},
	Pages = {7--25},
	Publisher = {Elsevier},
	Timestamp = {2015.06.04},
	Title = {Relationship banking: What do we know?},
	Volume = {9},
	Year = {2000}}

@unpublished{Brunetti1997,
	Author = {A. Brunetti and G. Kisunko and B. Weder},
	Groups = {Courts and Corporations},
	Note = {Policy Research Working Paper 1759, World Bank},
	Owner = {suapm095},
	Title = {Institutional obstacles to doing business},
	Year = {1997}}

@article{Burns2012,
	Author = {Burns, Natasha and Minnick, Kristina and Starks, Laura},
	Journal = {Cultural Influences and Consequences (February 23, 2012)},
	Owner = {herpfer},
	Timestamp = {2013.05.26},
	Title = {CEO Tournaments: Ceo Tournaments: A Cross-Country Analysis of Causes, Cultural Influences and Consequences},
	Url = {http://papers.ssrn.com/sol3/papers.cfm?abstract_id=2010095},
	Year = {2012},
	Bdsk-Url-1 = {http://papers.ssrn.com/sol3/papers.cfm?abstract_id=2010095}}

@Article{Butler2008,
  author    = {Butler, Alexander W},
  title     = {Distance still matters: Evidence from municipal bond underwriting},
  journal   = {Review of Financial Studies},
  year      = {2008},
  volume    = {21},
  number    = {2},
  pages     = {763--784},
  groups    = {Relationship Lending},
  owner     = {herpfer},
  publisher = {Soc Financial Studies},
  timestamp = {2014.11.25},
}

@article{Cai2012,
	Author = {Cai, Ye and Sevilir, Merih},
	Groups = {Relationship Lending},
	Journal = {Journal of Financial Economics},
	Number = {2},
	Owner = {herpfer},
	Pages = {327--349},
	Publisher = {Elsevier},
	Timestamp = {2016.02.17},
	Title = {Board connections and {M\&A} transactions},
	Volume = {103},
	Year = {2012}}

@article{Cain2012,
	Author = {M. Cain and S.M. Davidoff},
	Groups = {Courts and Corporations},
	Journal = {Journal of Empirical Legal Studies},
	Number = {1},
	Owner = {herpfer},
	Pages = {92--128},
	Publisher = {Wiley Online Library},
	Timestamp = {2015.04.30},
	Title = {Delaware's competitive reach},
	Volume = {9},
	Year = {2012}}

@article{Campbell2013,
	Author = {Campbell, Dennis and Loumioti, Maria},
	Groups = {Relationship Lending},
	Journal = {Harvard Business School Accounting \& Management Unit Working Paper},
	Number = {13-077},
	Owner = {herpfer},
	Timestamp = {2015.06.04},
	Title = {Monitoring and the Portability of Soft Information},
	Year = {2013}}

@article{Cerqueiro2011,
	Author = {Cerqueiro, Geraldo and Degryse, Hans and Ongena, Steven},
	Groups = {Relationship Lending},
	Journal = {Journal of Financial Intermediation},
	Number = {4},
	Owner = {herpfer},
	Pages = {503--529},
	Publisher = {Elsevier},
	Timestamp = {2016.01.28},
	Title = {Rules versus discretion in loan rate setting},
	Volume = {20},
	Year = {2011}}

@article{Chan1997,
	Author = {Chan, Su Han and Kensinger, John W and Keown, Arthur J and Martin, John D},
	Journal = {Journal of Financial Economics},
	Number = {2},
	Owner = {herpfer},
	Pages = {199--221},
	Publisher = {Elsevier},
	Timestamp = {2016.02.17},
	Title = {Do strategic alliances create value?},
	Volume = {46},
	Year = {1997}}

@article{Chan1996,
	Author = {Chan, William},
	Journal = {Journal of Labor Economics},
	Number = {4},
	Owner = {herpfer},
	Pages = {555--570},
	Publisher = {JSTOR},
	Timestamp = {2013.04.10},
	Title = {External recruitment versus internal promotion},
	Volume = {14},
	Year = {1996}}

@Article{Chava2008,
  author    = {Chava, Sudheer and Roberts, Michael R},
  title     = {How does financing impact investment? {T}he role of debt covenants},
  journal   = {Journal of Finance},
  year      = {2008},
  volume    = {63},
  number    = {5},
  pages     = {2085--2121},
  groups    = {Relationship Lending},
  owner     = {herpfer},
  publisher = {Wiley Online Library},
  timestamp = {2014.11.13},
}

@Article{Cheng2005,
  author    = {S. Cheng and V. Nagar and M.V. Rajan},
  title     = {Identifying control motives in managerial ownership: Evidence from antitakeover legislation},
  journal   = {Review of Financial Studies},
  year      = {2005},
  volume    = {18},
  number    = {2},
  pages     = {637--672},
  groups    = {Courts and Corporations},
  owner     = {herpfer},
  publisher = {Soc Financial Studies},
  timestamp = {2015.04.30},
}

@article{Choi2009,
	Author = {S.J. Choi and M. Gulati and E.A. Posner},
	Groups = {Courts and Corporations},
	Journal = {Duke Law Journal},
	Owner = {herpfer},
	Pages = {1313--1381},
	Publisher = {JSTOR},
	Timestamp = {2015.07.01},
	Title = {Judicial evaluations and information forcing: Ranking state high courts and their judges},
	Year = {2009}}

@article{Clark2001,
	Author = {Clark, Derek J and Riis, Christian},
	Comment = {Managers have their ability distribution drawn from a distribution of distributions. they can observe each other's distribution of ability, but not the exact realization. The final "output" or signal they then send is not noisy.},
	File = {Published version:Clark2001.pdf:PDF},
	Groups = {Rank Order Torunaments},
	Journal = {Journal of Economics},
	Number = {2},
	Owner = {herpfer},
	Pages = {167--191},
	Publisher = {Springer},
	Timestamp = {2013.04.10},
	Title = {Rank-order tournaments and selection},
	Url = {http://link.springer.com/article/10.1007/BF02340174},
	Volume = {73},
	Year = {2001},
	Bdsk-Url-1 = {http://link.springer.com/article/10.1007/BF02340174}}

@Article{Clark1998,
  author    = {Clark, Derek J and Riis, Christian},
  title     = {Competition over more than one prize},
  journal   = {American Economic Review},
  year      = {1998},
  volume    = {88},
  number    = {1},
  pages     = {276--289},
  owner     = {herpfer},
  publisher = {JSTOR},
  timestamp = {2013.04.10},
}

@article{Clermont1997,
	Author = {K.M. Clermont and T. Eisenberg},
	Groups = {Courts and Corporations},
	Journal = {Cornell Law Review},
	Owner = {herpfer},
	Pages = {581},
	Publisher = {HeinOnline},
	Timestamp = {2015.04.20},
	Title = {Do case outcomes really reveal anything about the legal system? Win rates and removal jurisdiction},
	Volume = {83},
	Year = {1997}}

@article{Clermont1994,
	Author = {K.M. Clermont and T. Eisenberg},
	Groups = {Courts and Corporations},
	Journal = {Cornell L. Rev.},
	Owner = {herpfer},
	Pages = {1507},
	Publisher = {HeinOnline},
	Timestamp = {2015.04.30},
	Title = {Exorcising the evil of forum shopping},
	Volume = {80},
	Year = {1994}}

@article{Cohen2013,
	Author = {A. Cohen and C.Y. Wang},
	Groups = {Courts and Corporations},
	Journal = {Journal of Financial Economics},
	Number = {3},
	Owner = {herpfer},
	Pages = {627--641},
	Publisher = {Elsevier},
	Timestamp = {2015.04.30},
	Title = {How do staggered boards affect shareholder value? Evidence from a natural experiment},
	Volume = {110},
	Year = {2013}}

@unpublished{Cohen2014,
	Author = {L. Cohen and U. Gurun and S.D. Kominers},
	Groups = {Courts and Corporations},
	Note = {Unpublished working paper, National Bureau of Economic Research},
	Owner = {herpfer},
	Timestamp = {2015.07.01},
	Title = {Patent trolls: Evidence from targeted firms},
	Year = {2014}}

@inproceedings{Cohen2003,
	Author = {Cohen, William and Ravikumar, Pradeep and Fienberg, Stephen},
	Booktitle = {KDD Workshop on Data Cleaning and Object Consolidation},
	Groups = {Relationship Lending},
	Owner = {herpfer},
	Pages = {73--78},
	Timestamp = {2014.11.17},
	Title = {A comparison of string metrics for matching names and records},
	Volume = {3},
	Year = {2003}}

@article{cole1992social,
	Author = {Cole, Harold L and Mailath, George J and Postlewaite, Andrew},
	Groups = {Rank Order Torunaments},
	Journal = {Journal of Political economy},
	Pages = {1092--1125},
	Publisher = {JSTOR},
	Title = {Social norms, savings behavior, and growth},
	Year = {1992}}

@Article{Cole2015,
  author    = {Cole, Shawn and Kanz, Martin and Klapper, Leora},
  title     = {Incentivizing Calculated Risk-Taking: Evidence from an Experiment with Commercial Bank Loan Officers},
  journal   = {Journal of Finance},
  year      = {2015},
  volume    = {70},
  number    = {2},
  pages     = {537--575},
  groups    = {Relationship Lending},
  owner     = {herpfer},
  publisher = {Wiley Online Library},
  timestamp = {2015.08.12},
}

@article{Cornaggia2014,
	Author = {Cornaggia, Jess and Cornaggia, Kimberly Rodgers and Xia, Han},
	Journal = {Georgetown University, Working Paper},
	Owner = {herpfer},
	Timestamp = {2016.01.29},
	Title = {Revolving doors on wall street},
	Year = {2014}}

@article{Cox2009,
	Author = {J.D. Cox and R.S. Thomas and L. Bai},
	Groups = {Courts and Corporations},
	Journal = {Wisconsin Law Review},
	Owner = {herpfer},
	Pages = {421--454},
	Publisher = {HeinOnline},
	Timestamp = {2015.04.20},
	Title = {Do differences in pleading standards cause forum shopping in securities class actions: Doctrinal and empirical analyses},
	Year = {2009}}

@article{crone2005,
	Author = {T.M. Crone},
	Groups = {Courts and Corporations},
	Journal = {Review of Economics and Statistics},
	Number = {4},
	Pages = {617--626},
	Publisher = {MIT Press},
	Title = {An alternative definition of economic regions in the United States based on similarities in state business cycles},
	Volume = {87},
	Year = {2005}}

@article{Daines2001,
	Author = {R. Daines},
	Groups = {Courts and Corporations},
	Journal = {Journal of Financial Economics},
	Number = {3},
	Owner = {herpfer},
	Pages = {525--558},
	Publisher = {Elsevier},
	Timestamp = {2015.07.02},
	Title = {Does Delaware law improve firm value?},
	Volume = {62},
	Year = {2001}}

@Article{Dass2011,
  author    = {Dass, Nishant and Massa, Massimo},
  title     = {The impact of a strong bank-firm relationship on the borrowing firm},
  journal   = {Review of Financial Studies},
  year      = {2011},
  volume    = {24},
  number    = {4},
  pages     = {1204--1260},
  comment   = {Strong relationships increase governance but cause asymmetric information between inside bank and outsiders, reducing stock market liquidity.},
  groups    = {Relationship Lending},
  owner     = {herpfer},
  publisher = {Soc Financial Studies},
  timestamp = {2015.06.04},
}

@book{Degryse2009,
	Author = {Degryse, Hans and Kim, Moshe and Ongena, Steven},
	Groups = {Relationship Lending},
	Owner = {herpfer},
	Publisher = {Oxford University Press, USA},
	Timestamp = {2015.08.12},
	Title = {Microeconometrics of banking: {M}ethods, applications, and results},
	Year = {2009}}

@article{Degryse2008,
	Author = {Degryse, Hans and Ongena, Steven},
	Groups = {Relationship Lending},
	Journal = {Handbook of financial intermediation and banking},
	Owner = {herpfer},
	Pages = {483--554},
	Publisher = {Amsterdam, Elsevier},
	Timestamp = {2014.11.25},
	Title = {Competition and regulation in the banking sector: a review of the empirical evidence on the sources of bank rents},
	Volume = {2008},
	Year = {2008}}

@Article{Degryse2005,
  author    = {Degryse, Hans and Ongena, Steven},
  title     = {Distance, lending relationships, and competition},
  journal   = {Journal of Finance},
  year      = {2005},
  volume    = {60},
  number    = {1},
  pages     = {231--266},
  groups    = {Relationship Lending},
  owner     = {herpfer},
  publisher = {Wiley Online Library},
  timestamp = {2014.11.25},
}

@article{Degryse2000,
	Author = {Degryse, Hans and Van Cayseele, Patrick},
	Groups = {Relationship Lending},
	Journal = {Journal of Financial Intermediation},
	Number = {1},
	Owner = {herpfer},
	Pages = {90--109},
	Publisher = {Elsevier},
	Timestamp = {2015.06.04},
	Title = {Relationship lending within a bank-based system: Evidence from European small business data},
	Volume = {9},
	Year = {2000}}

@article{delong2007,
	Author = {G. Delong and R. Deyoung},
	Groups = {Courts and Corporations},
	Journal = {Journal of Finance},
	Number = {1},
	Pages = {181--216},
	Title = {Learning by bbserving: Information spillovers in the execution and valuation of commercial bank M\&As},
	Volume = {62},
	Year = {2007}}

@article{dewatripont1999economics,
	Author = {Dewatripont, Mathias and Jewitt, Ian and Tirole, Jean},
	Comment = {Extension of Holmstrom 1999 into more general setup. Agents don't know their own ability. Output today is used to measure ability and determine wage tomorrow. No competition between agents. No distinction between CEO skill and managerial skill.},
	Groups = {Rank Order Torunaments},
	Journal = {Review of Economic Studies},
	Number = {1},
	Pages = {183--198},
	Publisher = {Wiley Online Library},
	Title = {The economics of career concerns, part I: Comparing information structures},
	Volume = {66},
	Year = {1999}}

@article{Diamond1991,
	Author = {Diamond, Douglas W},
	Groups = {Relationship Lending},
	Journal = {Journal of Political Economy},
	Number = {4},
	Owner = {herpfer},
	Pages = {689--721},
	Publisher = {JSTOR},
	Timestamp = {2016.01.11},
	Title = {Monitoring and reputation: The choice between bank loans and directly placed debt},
	Volume = {99},
	Year = {1991}}

@Article{Diamond1984,
  author    = {Diamond, Douglas W},
  title     = {Financial intermediation and delegated monitoring},
  journal   = {Review of Economic Studies},
  year      = {1984},
  volume    = {51},
  number    = {3},
  pages     = {393--414},
  owner     = {herpfer},
  publisher = {Oxford University Press},
  timestamp = {2016.01.11},
}

@article{Diamond1986,
	Author = {Diamond, Douglas W and Dybvig, Philip H},
	Groups = {Relationship Lending},
	Journal = {Journal of Business},
	Owner = {herpfer},
	Pages = {55--68},
	Publisher = {JSTOR},
	Timestamp = {2014.11.20},
	Title = {Banking theory, deposit insurance, and bank regulation},
	Year = {1986}}

@article{Diamond2009,
	Author = {Diamond, Douglas W and Rajan, Raghuram},
	Groups = {Relationship Lending},
	Institution = {National Bureau of Economic Research},
	Journal = {NBER Working Paper},
	Owner = {herpfer},
	Timestamp = {2016.01.27},
	Title = {The credit crisis: Conjectures about causes and remedies},
	Year = {2009}}

@article{Djankov2003,
	Author = {S. Djankov and R. {La Porta}, Rafael and F. {L{\'o}pez de Silanes} and A. Shleifer},
	Groups = {Courts and Corporations},
	Journal = {Quarterly Journal of Economics},
	Owner = {herpfer},
	Pages = {453--517},
	Publisher = {JSTOR},
	Timestamp = {2015.05.01},
	Title = {Courts},
	Volume = {118},
	Year = {2003}}

@article{Donohue2001,
	Author = {J.J. Donohue and S.D. Levitt},
	Groups = {Courts and Corporations},
	Journal = {Quarterly Journal of Economics},
	Owner = {herpfer},
	Pages = {379--420},
	Publisher = {JSTOR},
	Timestamp = {2015.04.30},
	Title = {The impact of legalized abortion on crime},
	Volume = {116},
	Year = {2001}}

@article{Drexler2014,
	Author = {Drexler, Alejandro and Schoar, Antoinette},
	Groups = {Relationship Lending},
	Journal = {Management Science},
	Number = {11},
	Owner = {herpfer},
	Pages = {2722--2736},
	Publisher = {INFORMS},
	Timestamp = {2015.08.12},
	Title = {Do Relationships Matter? {E}vidence from Loan Officer Turnover},
	Volume = {60},
	Year = {2014}}

@Article{Drucker2009,
  author    = {Drucker, Steven and Puri, Manju},
  title     = {On loan sales, loan contracting, and lending relationships},
  journal   = {Review of Financial Studies},
  year      = {2009},
  volume    = {22},
  number    = {7},
  pages     = {2835--2872},
  groups    = {Relationship Lending},
  owner     = {herpfer},
  publisher = {Soc Financial Studies},
  timestamp = {2015.06.04},
}

@Article{Drucker2005,
  author    = {Drucker, Steven and Puri, Manju},
  title     = {On the benefits of concurrent lending and underwriting},
  journal   = {Journal of Finance},
  year      = {2005},
  volume    = {60},
  number    = {6},
  pages     = {2763--2799},
  groups    = {Relationship Lending},
  owner     = {herpfer},
  publisher = {Wiley Online Library},
  timestamp = {2015.06.04},
}

@article{Dye1985,
	Author = {Dye, Ronald A},
	Groups = {Relationship Lending},
	Journal = {International Economic Review},
	Owner = {herpfer},
	Pages = {233--250},
	Publisher = {JSTOR},
	Timestamp = {2016.02.01},
	Title = {Costly contract contingencies},
	Year = {1985}}

@article{Eisenberg1995,
	Author = {T.G. Eisenberg and J. Goerdt and B. Ostrom and D. Rottman},
	Groups = {Courts and Corporations},
	Journal = {Seattle University Law Review},
	Owner = {herpfer},
	Pages = {433},
	Publisher = {HeinOnline},
	Timestamp = {2015.07.01},
	Title = {Litigation outcomes in state and federal courts: A statistical portrait},
	Volume = {19},
	Year = {1995}}

@article{Engelberg2012,
	Author = {Engelberg, Joseph and Gao, Pengjie and Parsons, Christopher A},
	Groups = {Relationship Lending},
	Journal = {Journal of Financial Economics},
	Number = {1},
	Owner = {herpfer},
	Pages = {169--188},
	Publisher = {Elsevier},
	Timestamp = {2015.06.04},
	Title = {Friends with money},
	Volume = {103},
	Year = {2012}}

@article{fama_french,
	Author = {E.F. Fama and K.R. French},
	Groups = {Courts and Corporations},
	Journal = {Journal of Financial Economics},
	Owner = {suapm095},
	Pages = {3-56},
	Title = {Common risk factors in the returns on bonds and stocks},
	Volume = {33},
	Year = {1993}}

@Article{Fama1980,
  author    = {Fama, Eugene F},
  title     = {Agency Problems and the Theory of the Firm},
  journal   = {Journal of Political Economy},
  year      = {1980},
  pages     = {288--307},
  owner     = {herpfer},
  publisher = {JSTOR},
  timestamp = {2013.05.28},
}

@article{Fama1993,
	Author = {Fama, Eugene F and French, Kenneth R},
	Journal = {Journal of Financial Economics},
	Number = {1},
	Owner = {herpfer},
	Pages = {3--56},
	Publisher = {Elsevier},
	Timestamp = {2015.07.01},
	Title = {Common risk factors in the returns on stocks and bonds},
	Volume = {33},
	Year = {1993}}

@article{Farinha2002,
	Author = {Farinha, Lu{\i} sa A and Santos, Joao AC},
	Groups = {Relationship Lending},
	Journal = {Journal of Financial Intermediation},
	Number = {2},
	Owner = {herpfer},
	Pages = {124--151},
	Publisher = {Elsevier},
	Timestamp = {2014.11.25},
	Title = {Switching from single to multiple bank lending relationships: Determinants and implications},
	Volume = {11},
	Year = {2002}}

@article{Field2013,
	Author = {M.A. Field},
	Groups = {Courts and Corporations},
	Journal = {Indiana Law Journal},
	Owner = {herpfer},
	Pages = {611},
	Publisher = {HeinOnline},
	Timestamp = {2015.07.01},
	Title = {Removal reform: A solution for federal question jurisdiction, forum shopping, and Ddplicative state-federal litigation},
	Volume = {88},
	Year = {2013}}

@unpublished{Fisman2012,
	Abstract = {Using indian data showing that loan officers and clients which are form the same caste. Show that efficiency increases.},
	Author = {Fisman, Raymond and Paravisini, Daniel and Vig, Vikrant},
	Groups = {Relationship Lending},
	Institution = {National Bureau of Economic Research},
	Note = {NBER Working Paper 18096},
	Owner = {herpfer},
	Timestamp = {2014.12.01},
	Title = {Cultural proximity and loan outcomes},
	Year = {2012}}

@article{frydman2005rising,
	Author = {Frydman, Carola},
	Comment = {CEO have firm specific and general skills. General skills make them valuable for other firms increasing outside options. Their skill level is better visible internally than externally. Once promoted CEO their skill level becomes more visible, hence need higher retention premium. Generalized skills are only valuable in CEO job (my "CEO ability") Firms differ in how productive CEOs are Unclear how CEOs decide to acquire skill. Completely exogenous process? Yes. Not clear why managers get paid to acquire skills: CEO hiring decision is made from one step below CEO to CEO. At that point it is too late to acquire skills, it is about showing skills. No Strategic aspect in gaining skills. Some very nice info and basic summary stats about CEO careers.},
	Groups = {Rank Order Torunaments},
	Journal = {V Columbia University},
	Title = {Rising through the ranks: The evolution of the market for corporate executives, 1936-2003},
	Year = {2005}}

@article{gadanecz2004,
	Author = {B. Gadanecz},
	Groups = {Courts and Corporations},
	Journal = {BIS Quarterly Review, December},
	Title = {The syndicated loan market: Structure, development and implications},
	Year = {2004}}

@Article{Ganesan1994,
  author    = {Ganesan, Shankar},
  title     = {Determinants of long-term orientation in buyer-seller relationships},
  journal   = {Journal of Marketing},
  year      = {1994},
  pages     = {1--19},
  groups    = {Relationship Lending},
  owner     = {herpfer},
  publisher = {JSTOR},
  timestamp = {2015.06.04},
}

@unpublished{Ganglmair2015,
	Author = {Ganglmair, Bernhard and Wardlaw, Malcolm},
	Note = {University of Texas, Working Paper},
	Owner = {herpfer},
	Timestamp = {2016.02.01},
	Title = {Measuring Contract Completeness: A Text Based Analysis of Loan Agreements},
	Year = {2015}}

@article{Garcia2012,
	Author = {D. Garcia and {\O}. Norli},
	Groups = {Courts and Corporations},
	Journal = {Journal of Financial Economics},
	Number = {3},
	Owner = {herpfer},
	Pages = {547--565},
	Publisher = {Elsevier},
	Timestamp = {2015.04.20},
	Title = {Geographic dispersion and stock returns},
	Volume = {106},
	Year = {2012}}

@unpublished{Gibbons1992,
	Author = {Gibbons, Robert and Murphy, Kevin J},
	Note = {NBER Working Paper},
	Owner = {herpfer},
	Publisher = {Journal of Political Economy 100(3), 468-505},
	Timestamp = {2013.05.28},
	Title = {Optimal incentive contracts in the presence of career concerns: Theory and evidence},
	Year = {1992}}

@article{Giroud2012,
	Author = {X. Giroud},
	Groups = {Relationship Lending, Courts and Corporations},
	Journal = {Quarterly Journal of Economics},
	Owner = {herpfer},
	Pages = {861--915},
	Publisher = {Oxford University Press},
	Timestamp = {2014.12.01},
	Title = {Proximity and investment: Evidence from plant-level data},
	Volume = {128},
	Year = {2013}}

@article{Giroud2014,
	Author = {X. Giroud and H.M. Mueller},
	Groups = {Relationship Lending, Courts and Corporations},
	Journal = {Journal of Finance},
	Owner = {herpfer},
	Timestamp = {2014.12.08},
	Title = {Capital and labor reallocation within firms},
	Year = {2015}}

@article{Glaeser2002,
	Author = {E.L. Glaeser and A. Shleifer},
	Groups = {Courts and Corporations},
	Journal = {Quarterly Journal of Economics},
	Owner = {herpfer},
	Pages = {1193--1229},
	Publisher = {JSTOR},
	Timestamp = {2015.07.01},
	Title = {Legal origins},
	Volume = {117},
	Year = {2002}}

@article{Gomes2006,
	Author = {Gomes-Casseres, Benjamin and Hagedoorn, John and Jaffe, Adam B},
	Groups = {Relationship Lending},
	Journal = {Journal of Financial Economics},
	Number = {1},
	Owner = {herpfer},
	Pages = {5--33},
	Publisher = {Elsevier},
	Timestamp = {2016.02.17},
	Title = {Do alliances promote knowledge flows?},
	Volume = {80},
	Year = {2006}}

@article{greenwood2005,
	Author = {R. Greenwood},
	Groups = {Courts and Corporations},
	Journal = {Journal of Financial Economics},
	Number = {3},
	Pages = {607--649},
	Publisher = {Elsevier},
	Title = {Short-and long-term demand curves for stocks: theory and evidence on the dynamics of arbitrage},
	Volume = {75},
	Year = {2005}}

@unpublished{Grinstein2014,
	Author = {Y. Grinstein and S. Rossi},
	Groups = {Courts and Corporations},
	Note = {Finance Working Paper 418, European Corporate Governance Institute},
	Owner = {herpfer},
	Timestamp = {2015.04.30},
	Title = {Good monitoring, bad monitoring},
	Year = {2014}}

@article{grossman1983analysis,
	Author = {Grossman, Sanford J and Hart, Oliver D},
	Groups = {Rank Order Torunaments},
	Journal = {Econometrica: Journal of the Econometric Society},
	Pages = {7--45},
	Publisher = {JSTOR},
	Title = {An analysis of the principal-agent problem},
	Year = {1983}}

@article{Groysberg2008,
	Author = {Groysberg, Boris and Lee, Linda-Eling and Nanda, Ashish},
	Journal = {Management Science},
	Number = {7},
	Owner = {herpfer},
	Pages = {1213--1230},
	Publisher = {INFORMS},
	Timestamp = {2016.01.29},
	Title = {Can they take it with them? The portability of star knowledge workers' performance},
	Volume = {54},
	Year = {2008}}

@article{Gulati1995,
	Author = {Gulati, Ranjay},
	Journal = {Administrative Science Quarterly},
	Number = {4},
	Owner = {herpfer},
	Pages = {619--652},
	Publisher = {JSTOR},
	Timestamp = {2016.02.18},
	Title = {Social structure and alliance formation patterns: A longitudinal analysis},
	Volume = {40},
	Year = {1995}}

@article{Haselmann2014,
	Author = {Haselmann, Rainer and Schoenherr, David and Vig, Vikrant},
	Groups = {Relationship Lending},
	Institution = {Citeseer},
	Journal = {London Business School, Working Paper},
	Owner = {herpfer},
	Timestamp = {2015.08.12},
	Title = {Lending in social networks},
	Year = {2014}}

@Article{Hauswald2006,
  author    = {Hauswald, Robert and Marquez, Robert},
  title     = {Competition and strategic information acquisition in credit markets},
  journal   = {Review of Financial Studies},
  year      = {2006},
  volume    = {19},
  number    = {3},
  pages     = {967--1000},
  groups    = {Relationship Lending},
  owner     = {herpfer},
  publisher = {Soc Financial Studies},
  timestamp = {2014.12.08},
}

@Article{Hertzberg2010,
  author    = {Hertzberg, Andrew and Liberti, Jose and Paravisini, Daniel},
  title     = {Information and incentives inside the firm: Evidence from loan officer rotation},
  journal   = {Journal of Finance},
  year      = {2010},
  volume    = {65},
  number    = {3},
  pages     = {795--828},
  groups    = {Relationship Lending},
  owner     = {herpfer},
  publisher = {Wiley Online Library},
  timestamp = {2014.12.01},
}

@article{Hetland2011,
	Author = {Hetland, Ove Rein and Mj{\o}s, Aksel},
	Groups = {Relationship Lending},
	Journal = {Norwegian School of Economics, Working Paper},
	Owner = {herpfer},
	Publisher = {Norwegian School of Economics. Department of Finance and Management Science},
	Timestamp = {2015.06.04},
	Title = {Using bank mergers and acquisitions to understand lending relationships},
	Year = {2011}}

@Article{holmstrom1999managerial,
  author    = {Holmstr{\"o}m, Bengt},
  title     = {Managerial incentive problems: A dynamic perspective},
  journal   = {Review of Economic Studies},
  year      = {1999},
  volume    = {66},
  number    = {1},
  pages     = {169--182},
  comment   = {Additive normal case.},
  groups    = {Rank Order Torunaments},
  publisher = {Oxford University Press},
}

@article{hopkins2012job,
	Author = {Hopkins, Ed},
	Groups = {Rank Order Torunaments},
	Journal = {Journal of the European Economic Association},
	Publisher = {Wiley Online Library},
	Title = {Job Market Signaling of Relative Position, or Becker Married to Spence},
	Year = {2012}}

@article{hoppe2009theory,
	Author = {Hoppe, Heidrun C and Moldovanu, Benny and Sela, Aner},
	Groups = {Rank Order Torunaments},
	Journal = {Review of Economic Studies},
	Number = {1},
	Pages = {253--281},
	Publisher = {Wiley Online Library},
	Title = {The theory of assortative matching based on costly signals},
	Volume = {76},
	Year = {2009}}

@unpublished{Hubbard2013,
	Author = {W.H.J. Hubbard},
	Groups = {Courts and Corporations},
	Note = {Unpublished working paper, University of Chicago},
	Owner = {herpfer},
	Timestamp = {2015.07.01},
	Title = {An empirical study of the effect of Shady Grove v. Allstate on forum shopping in the New York courts},
	Year = {2013}}

@Article{Ioannidou2010,
  author    = {Ioannidou, Vasso and Ongena, Steven},
  title     = {“Time for a change”: loan conditions and bank behavior when firms switch banks},
  journal   = {The Journal of Finance},
  year      = {2010},
  volume    = {65},
  number    = {5},
  pages     = {1847--1877},
  publisher = {Wiley Online Library},
}

@article{Ivashina2009,
	Author = {Ivashina, Victoria},
	Journal = {Journal of Financial Economics},
	Number = {2},
	Owner = {herpfer},
	Pages = {300--319},
	Publisher = {Elsevier},
	Timestamp = {2014.12.10},
	Title = {Asymmetric information effects on loan spreads},
	Url = {http://www.sciencedirect.com/science/article/pii/S0304405X09000208},
	Volume = {92},
	Year = {2009},
	Bdsk-Url-1 = {http://www.sciencedirect.com/science/article/pii/S0304405X09000208}}

@Article{Ivashina2011,
  author    = {Ivashina, Victoria and Kovner, Anna},
  title     = {The private equity advantage: Leveraged buyout firms and relationship banking},
  journal   = {Review of Financial Studies},
  year      = {2011},
  pages     = {hhr024},
  owner     = {herpfer},
  publisher = {Soc Financial Studies},
  timestamp = {2016.02.16},
}

@article{Ivashina2010,
	Author = {Ivashina, Victoria and Scharfstein, David},
	Journal = {Journal of Financial economics},
	Number = {3},
	Owner = {herpfer},
	Pages = {319--338},
	Publisher = {Elsevier},
	Timestamp = {2014.11.13},
	Title = {Bank lending during the financial crisis of 2008},
	Url = {http://www.sciencedirect.com/science/article/pii/S0304405X09002396},
	Volume = {97},
	Year = {2010},
	Bdsk-Url-1 = {http://www.sciencedirect.com/science/article/pii/S0304405X09002396}}

@Article{Iyer2012,
  author    = {Iyer, Rajkamal and Puria, Manju},
  title     = {Understanding bank runs: the importance of depositor-bank relationships and networks},
  journal   = {American Economic Review},
  year      = {2012},
  volume    = {102},
  number    = {4},
  pages     = {1414--1445},
  groups    = {Relationship Lending},
  owner     = {herpfer},
  publisher = {American Economic Association},
  timestamp = {2014.11.25},
}

@article{Jaro1995,
	Author = {Jaro, Matthew A},
	Groups = {Relationship Lending},
	Journal = {Statistics in medicine},
	Number = {5-7},
	Owner = {herpfer},
	Pages = {491--498},
	Publisher = {Wiley Online Library},
	Timestamp = {2014.11.17},
	Title = {Probabilistic linkage of large public health data files},
	Volume = {14},
	Year = {1995}}

@article{Jaro1989,
	Author = {Jaro, Matthew A},
	Groups = {Relationship Lending},
	Journal = {Journal of the American Statistical Association},
	Number = {406},
	Owner = {herpfer},
	Pages = {414--420},
	Publisher = {Taylor \& Francis},
	Timestamp = {2014.11.17},
	Title = {Advances in record-linkage methodology as applied to matching the 1985 census of Tampa, Florida},
	Volume = {84},
	Year = {1989}}

@article{jayaratne1996,
	Author = {J. Jayaratne and P.E. Strahan},
	Groups = {Courts and Corporations},
	Journal = {Quarterly Journal of Economics},
	Pages = {639--670},
	Publisher = {JSTOR},
	Title = {The finance-growth nexus: Evidence from bank branch deregulation},
	Volume = {111},
	Year = {1996}}

@article{Jensen1976,
	Author = {Jensen, Michael C and Meckling, William H},
	Journal = {Journal of Financial Economics},
	Number = {4},
	Owner = {herpfer},
	Pages = {305--360},
	Publisher = {Elsevier},
	Timestamp = {2013.05.28},
	Title = {Theory of the firm: Managerial behavior, agency costs and ownership structure},
	Volume = {3},
	Year = {1976}}

@Article{Kadan2009,
  author    = {O. Kadan and L. Madureira and R. Wang and T. Zach},
  title     = {Conflicts of interest and stock recommendations: The effects of the global settlement and related regulations},
  journal   = {Review of Financial Studies},
  year      = {2009},
  volume    = {22},
  number    = {10},
  pages     = {4189--4217},
  groups    = {Courts and Corporations},
  owner     = {herpfer},
  publisher = {Soc Financial Studies},
  timestamp = {2015.04.20},
}

@Article{Kale2009,
  author     = {Kale, Jayant R and Reis, Ebru and Venkateswaran, Anand},
  title      = {Rank-Order Tournaments and Incentive Alignment: The Effect on Firm Performance},
  journal    = {Journal of Finance},
  year       = {2009},
  volume     = {64},
  number     = {3},
  pages      = {1479--1512},
  url        = {http://onlinelibrary.wiley.com/doi/10.1111/j.1540-6261.2009.01470.x/full},
  bdsk-url-1 = {http://onlinelibrary.wiley.com/doi/10.1111/j.1540-6261.2009.01470.x/full},
  owner      = {herpfer},
  publisher  = {Wiley Online Library},
  timestamp  = {2013.05.26},
}

@Article{Karolyi2017,
  author    = {Karolyi, Stephen A},
  title     = {Personal Lending Relationships},
  journal   = {Journal of Finance},
  year      = {2017},
  volume    = {73},
  number    = {1},
  pages     = {5-49},
  groups    = {Relationship Lending},
  owner     = {herpfer},
  timestamp = {2014.12.01},
}

@article{Kedia2015,
	Author = {Kedia, Simi and Koh, Kevin and Rajgopal, Shivaram and others},
	Journal = {Journal of Accounting and Economics},
	Number = {2},
	Owner = {herpfer},
	Pages = {65--96},
	Publisher = {Elsevier},
	Timestamp = {2016.01.29},
	Volume = {60},
	Year = {2015}}

@article{Kempf2015,
	Author = {Kempf, Elisabeth},
	Journal = {Tilburg University, Working Paper},
	Owner = {herpfer},
	Timestamp = {2016.01.29},
	Title = {The Job Rating Game: The Effects of Revolving Doors on Analyst Incentives},
	Year = {2015}}

@article{Kim2001,
	Author = {Kim, Moshe and Vale, Bent},
	Groups = {Relationship Lending},
	Journal = {International Journal of Industrial Organization},
	Number = {10},
	Owner = {herpfer},
	Pages = {1583--1602},
	Publisher = {Elsevier},
	Timestamp = {2015.01.29},
	Title = {Non-price strategic behavior: the case of bank branches},
	Volume = {19},
	Year = {2001}}

@article{kim1995efficiency,
	Author = {Kim, Son Ku},
	Groups = {Rank Order Torunaments},
	Journal = {Econometrica: Journal of the Econometric Society},
	Pages = {89--102},
	Publisher = {JSTOR},
	Title = {Efficiency of an information system in an agency model},
	Year = {1995}}

@Article{King1993,
  author    = {King, Robert G and Levine, Ross},
  title     = {Finance and growth: Schumpeter might be right},
  journal   = {Quarterly Journal of Economics},
  year      = {1993},
  pages     = {717--737},
  owner     = {herpfer},
  publisher = {JSTOR},
  timestamp = {2016.02.16},
}

@article{Knyazeva2012,
	Author = {Knyazeva, Anzhela and Knyazeva, Diana},
	Groups = {Relationship Lending},
	Journal = {Journal of Banking \& Finance},
	Number = {4},
	Owner = {herpfer},
	Pages = {1194--1209},
	Publisher = {Elsevier},
	Timestamp = {2015.02.15},
	Volume = {36},
	Year = {2012}}

@article{Kyle1985,
	Author = {Kyle, Albert S},
	Journal = {Econometrica: Journal of the Econometric Society},
	Owner = {herpfer},
	Pages = {1315--1335},
	Publisher = {JSTOR},
	Timestamp = {2013.05.28},
	Title = {Continuous auctions and insider trading},
	Year = {1985}}

@article{Lopez1998,
	Author = {F. {L{\'o}pez de Silanes} and R. {La Porta} and A. Shleifer and R. Vishny},
	Groups = {Courts and Corporations},
	Journal = {Journal of Political Economy},
	Owner = {herpfer},
	Pages = {1113--1155},
	Timestamp = {2015.04.21},
	Title = {Law and finance},
	Volume = {106},
	Year = {1998}}

@article{Larcker2011,
	Author = {D.F. Larcker and G. Ormazabal and D.J. Taylor},
	Journal = {Journal of Financial Economics},
	Number = {2},
	Pages = {431--448},
	Title = {The market reaction to corporate governance regulation},
	Volume = {101},
	Year = {2011}}

@Article{Lazear1989,
  author    = {Lazear, Edward P},
  title     = {Pay equality and industrial politics},
  journal   = {Journal of Political Economy},
  year      = {1989},
  pages     = {561--580},
  owner     = {herpfer},
  publisher = {JSTOR},
  timestamp = {2013.05.26},
}

@Misc{Lazear1979,
  author     = {Lazear, Edward P and Rosen, Sherwin},
  title      = {Rank-order tournaments as optimum labor contracts},
  year       = {1981},
  url        = {http://www.nber.org/papers/w0401},
  bdsk-url-1 = {http://www.nber.org/papers/w0401},
  journal    = {Journal of Political Economy},
  owner      = {herpfer},
  publisher  = {National Bureau of Economic Research Cambridge, Mass., USA},
  timestamp  = {2013.05.26},
}

@article{Lederer1986,
	Author = {Lederer, Phillip J and Hurter Jr, Arthur P},
	Groups = {Relationship Lending},
	Journal = {Econometrica: Journal of the Econometric Society},
	Owner = {herpfer},
	Pages = {623--640},
	Publisher = {JSTOR},
	Timestamp = {2014.12.08},
	Title = {Competition of firms: Discriminatory pricing and location},
	Year = {1986}}

@article{Lehmann2001,
	Author = {Lehmann, Erik and Neuberger, Doris},
	Groups = {Relationship Lending},
	Journal = {Journal of Economic Behavior \& Organization},
	Number = {4},
	Owner = {herpfer},
	Pages = {339--359},
	Publisher = {Elsevier},
	Timestamp = {2015.06.04},
	Title = {Do lending relationships matter?: Evidence from bank survey data in Germany},
	Volume = {45},
	Year = {2001}}

@article{Leifeld2013,
	Author = {Leifeld, Philip},
	Journal = {Journal of Statistical Software},
	Number = {8},
	Owner = {herpfer},
	Pages = {1--24},
	Timestamp = {2015.02.16},
	Title = {texreg: Conversion of Statistical Model Output in R to LATEX and HTML Tables},
	Volume = {55},
	Year = {2013}}

@electronic{Lenzner2003,
	Author = {R. Lenzner and M. Miller},
	Groups = {Courts and Corporations},
	Owner = {herpfer},
	Timestamp = {2015.08.17},
	Title = {Buying Justice},
	Url = {http://www.forbes.com/forbes/2003/0721/064.html},
	Year = {2003},
	Bdsk-Url-1 = {http://www.forbes.com/forbes/2003/0721/064.html}}

@article{Levin2004,
	Author = {Levin, Daniel Z and Cross, Rob},
	Groups = {Relationship Lending},
	Journal = {Management science},
	Number = {11},
	Owner = {herpfer},
	Pages = {1477--1490},
	Publisher = {Informs},
	Timestamp = {2014.11.19},
	Title = {The strength of weak ties you can trust: The mediating role of trust in effective knowledge transfer},
	Volume = {50},
	Year = {2004}}

@article{Levine1997,
	Author = {Levine, Ross},
	Journal = {Journal of Economic Literature},
	Number = {2},
	Owner = {herpfer},
	Pages = {688--726},
	Publisher = {JSTOR},
	Timestamp = {2016.02.16},
	Title = {Financial development and economic growth: views and agenda},
	Volume = {35},
	Year = {1997}}

@article{Li2008,
	Author = {Li, Feng},
	Journal = {Journal of Accounting and Economics},
	Number = {2},
	Owner = {herpfer},
	Pages = {221--247},
	Publisher = {Elsevier},
	Timestamp = {2014.11.14},
	Title = {Annual report readability, current earnings, and earnings persistence},
	Url = {http://www.sciencedirect.com/science/article/pii/S0165410108000141},
	Volume = {45},
	Year = {2008},
	Bdsk-Url-1 = {http://www.sciencedirect.com/science/article/pii/S0165410108000141}}

@Article{Liberti2009,
  author    = {Liberti, Jose M and Mian, Atif R},
  title     = {Estimating the effect of hierarchies on information use},
  journal   = {Review of Financial Studies},
  year      = {2009},
  volume    = {22},
  number    = {10},
  pages     = {4057--4090},
  groups    = {Relationship Lending},
  owner     = {herpfer},
  publisher = {Soc Financial Studies},
  timestamp = {2014.12.01},
}

@Article{Lindsey2008,
  author    = {Lindsey, Laura},
  title     = {Blurring firm boundaries: The role of venture capital in strategic alliances},
  journal   = {Journal of Finance},
  year      = {2008},
  volume    = {63},
  number    = {3},
  pages     = {1137--1168},
  groups    = {Relationship Lending},
  owner     = {herpfer},
  publisher = {Wiley Online Library},
  timestamp = {2016.02.17},
}

@article{Loo2014,
	Author = {van der Loo, Mark PJ},
	Groups = {Relationship Lending},
	Journal = {R Journal 6(1) pp. 111-122},
	Owner = {herpfer},
	Timestamp = {2014.11.17},
	Title = {The stringdist Package for Approximate String Matching},
	Year = {2014}}

@article{Manconi2015,
	Author = {A. Manconi and M. Massa and L. Zhang},
	Groups = {Courts and Corporations},
	Journal = {Review of Finance},
	Owner = {herpfer},
	Publisher = {Oxford University Press},
	Timestamp = {2015.07.01},
	Title = {Bondholder concentration and credit risk: Evidence from a natural experiment},
	Year = {2015}}

@article{Masulis2012,
	Author = {Masulis, Ronald W and Zhang, Shage},
	Comment = {Testing Tournament Thoery vs productive differentials by looking at firms which should be supposed to have high tournament incentives. Weak theoretical underpinning.},
	Journal = {Available at SSRN 2021584},
	Owner = {herpfer},
	Timestamp = {2013.05.10},
	Title = {Compensation Gaps among Top Executives: Evidence of Tournament Incentives or Productivity Differentials?},
	Year = {2012}}

@Article{Mester2007,
  author    = {Mester, Loretta J and Nakamura, Leonard I and Renault, Micheline},
  title     = {Transactions accounts and loan monitoring},
  journal   = {Review of Financial Studies},
  year      = {2007},
  volume    = {20},
  number    = {3},
  pages     = {529--556},
  groups    = {Relationship Lending},
  owner     = {herpfer},
  publisher = {Soc Financial Studies},
  timestamp = {2014.11.25},
}

@article{Meyer1995,
	Author = {Bruce D. Meyer},
	Groups = {Courts and Corporations},
	Journal = {Journal of Business \& Economic Statistics},
	Owner = {herpfer},
	Timestamp = {2015.07.20},
	Title = {Natural and Quasi-Experiments in Economics},
	Year = {1995}}

@Article{Meyer1991,
  author     = {Meyer, Margaret A},
  title      = {Learning from coarse information: Biased contests and career profiles},
  journal    = {Review of Economic Studies},
  year       = {1991},
  volume     = {58},
  number     = {1},
  pages      = {15--41},
  url        = {http://restud.oxfordjournals.org/content/58/1/15.short},
  bdsk-url-1 = {http://restud.oxfordjournals.org/content/58/1/15.short},
  owner      = {herpfer},
  publisher  = {Oxford University Press},
  timestamp  = {2013.04.10},
}

@article{Milgrom1988,
	Author = {Milgrom, Paul and Roberts, John},
	Comment = {Managers can signal ability at the cost of output. Qualification for key job (CEO) is independent from that of normal job. But strategic interactions among signal givers and resulting equilibrium not explicitly modelled. Model not solved explicitly. No full characterization of optimal contract.},
	Journal = {American Journal of Sociology},
	Owner = {herpfer},
	Pages = {S154--S179},
	Publisher = {JSTOR},
	Timestamp = {2013.04.10},
	Title = {An economic approach to influence activities in organizations},
	Year = {1988}}

@Article{minnick2011,
  author    = {K. Minnick and H. Unal and L. Yang},
  title     = {Pay for performance? CEO compensation and acquirer returns in BHCs},
  journal   = {Review of Financial Studies},
  year      = {2011},
  volume    = {24},
  number    = {2},
  pages     = {439--472},
  groups    = {Courts and Corporations},
  publisher = {Soc Financial Studies},
}

@article{murphy2007managerial,
	Author = {Murphy, Kevin and Zabojnik, Jan},
	Comment = {Managers endowed with "general managerial ability" that allows them to manage any company vs "firm specific managerial capital" which is only applicable in one firm. My Model: There is also productive managerial skill vs. CEO skill. Their explanation why more outside CEO: More general managerial skill needed. No assymetric information. Mine: Skillset between normal manager and CEO level is diverging.},
	Groups = {Rank Order Torunaments},
	Journal = {Available at SSRN 984376},
	Title = {Managerial capital and the market for CEOs},
	Year = {2007}}

@article{murphy2004ceo,
	Author = {Murphy, Kevin J and Zabojnik, Jan},
	Comment = {Model of firm that can hire either internal or external. Internal candidates have firm specific skills which external candidates are lacking. But external pool is larger and hence allows for higher quality managers. Managers have general CEO ability and firm specific ability. There also exist other workers in the firm but only a worker that is assigned to the CEO job is productive. Ability of all workers is known. Two types of firms, growth firms and established firms.},
	Groups = {Rank Order Torunaments},
	Journal = {American Economic Review},
	Pages = {192--196},
	Publisher = {JSTOR},
	Title = {CEO pay and appointments: A market-based explanation for recent trends},
	Year = {2004}}

@Article{Nini2012,
  author    = {Nini, Greg and Smith, David C and Sufi, Amir},
  title     = {Creditor control rights, corporate governance, and firm value},
  journal   = {Review of Financial Studies},
  year      = {2012},
  volume    = {25},
  number    = {6},
  pages     = {1713--1761},
  groups    = {Relationship Lending},
  owner     = {herpfer},
  publisher = {Soc Financial Studies},
  timestamp = {2014.11.13},
}

@article{Nini2009,
	Author = {Nini, Greg and Smith, David C and Sufi, Amir},
	Groups = {Relationship Lending},
	Journal = {Journal of Financial Economics},
	Number = {3},
	Owner = {herpfer},
	Pages = {400--420},
	Publisher = {Elsevier},
	Timestamp = {2014.11.13},
	Title = {Creditor control rights and firm investment policy},
	Volume = {92},
	Year = {2009}}

@Article{Norden2010,
  author    = {Norden, Lars and Weber, Martin},
  title     = {Credit line usage, checking account activity, and default risk of bank borrowers},
  journal   = {Review of Financial Studies},
  year      = {2010},
  volume    = {23},
  number    = {10},
  pages     = {3665--3699},
  groups    = {Relationship Lending},
  owner     = {herpfer},
  publisher = {Soc Financial Studies},
  timestamp = {2014.11.25},
}

@article{Ongena2001,
	Author = {Ongena, Steven and Smith, David C},
	Groups = {Relationship Lending},
	Journal = {Journal of Financial Economics},
	Number = {3},
	Owner = {herpfer},
	Pages = {449--475},
	Publisher = {Elsevier},
	Timestamp = {2014.11.25},
	Title = {The duration of bank relationships},
	Volume = {61},
	Year = {2001}}

@article{Ortiz2008,
	Author = {Ortiz-Molina, Hernan and Penas, Maria Fabiana},
	Groups = {Relationship Lending},
	Journal = {Small Business Economics},
	Number = {4},
	Owner = {herpfer},
	Pages = {361--383},
	Publisher = {Springer},
	Timestamp = {2015.08.12},
	Title = {Lending to small businesses: The role of loan maturity in addressing information problems},
	Volume = {30},
	Year = {2008}}

@article{Petersen2004,
	Author = {Petersen, Mitchell A},
	Groups = {Relationship Lending},
	Institution = {working paper, Northwestern University},
	Journal = {Northwestern University, Working Paper},
	Owner = {herpfer},
	Timestamp = {2014.11.25},
	Title = {Information: Hard and soft},
	Year = {2004}}

@Article{Petersen2002,
  author    = {Petersen, Mitchell A and Rajan, Raghuram G},
  title     = {Does distance still matter? {T}he information revolution in small business Lending},
  journal   = {Journal of Finance},
  year      = {2002},
  volume    = {57},
  number    = {6},
  pages     = {2533--2570},
  groups    = {Relationship Lending},
  owner     = {herpfer},
  publisher = {Wiley Online Library},
  timestamp = {2014.11.25},
}

@Article{Petersen1995,
  author    = {Petersen, Mitchell A and Rajan, Raghuram G},
  title     = {The effect of credit market competition on lending relationships},
  journal   = {Quarterly Journal of Economics},
  year      = {1995},
  pages     = {407--443},
  groups    = {Relationship Lending},
  owner     = {herpfer},
  publisher = {JSTOR},
  timestamp = {2014.11.25},
}

@Article{Petersen1994,
  author    = {Petersen, Mitchell A and Rajan, Raghuram G},
  title     = {The benefits of lending relationships: Evidence from small business data},
  journal   = {Journal of Finance},
  year      = {1994},
  volume    = {49},
  number    = {1},
  pages     = {3--37},
  groups    = {Relationship Lending},
  owner     = {herpfer},
  publisher = {Wiley Online Library},
  timestamp = {2014.11.25},
}

@article{Poledna2015,
	Author = {Poledna, Sebastian and Molina-Borboa, Jos{\'e} Luis and Mart{\'\i}nez-Jaramillo, Seraf{\'\i}n and van der Leij, Marco and Thurner, Stefan},
	Groups = {Relationship Lending},
	Journal = {Journal of Financial Stability},
	Owner = {herpfer},
	Pages = {70--81},
	Publisher = {Elsevier},
	Timestamp = {2016.02.16},
	Title = {The multi-layer network nature of systemic risk and its implications for the costs of financial crises},
	Volume = {20},
	Year = {2015}}

@article{Puri2011,
	Author = {Puri, Manju and Rocholl, J{\"o}rg and Steffen, Sascha},
	Groups = {Relationship Lending},
	Journal = {Journal of Financial Economics},
	Number = {3},
	Owner = {herpfer},
	Pages = {556--578},
	Publisher = {Elsevier},
	Timestamp = {2014.11.25},
	Title = {Global retail lending in the aftermath of the US financial crisis: Distinguishing between supply and demand effects},
	Volume = {100},
	Year = {2011}}

@Article{Qian2015,
  author    = {Qian, Jun Qj and Strahan, Philip E and Yang, Zhishu},
  title     = {The impact of incentives and communication costs on information production and use: Evidence from bank lending},
  journal   = {Journal of Finance},
  year      = {2015},
  volume    = {70},
  number    = {4},
  pages     = {1457--1493},
  groups    = {Relationship Lending},
  owner     = {herpfer},
  publisher = {Wiley Online Library},
  timestamp = {2015.08.12},
}

@article{Rajan2015,
	Author = {Rajan, Uday and Seru, Amit and Vig, Vikrant},
	Groups = {Relationship Lending},
	Journal = {Journal of Financial Economics},
	Number = {2},
	Owner = {herpfer},
	Pages = {237--260},
	Publisher = {Elsevier},
	Timestamp = {2016.01.27},
	Title = {The failure of models that predict failure: Distance, incentives, and defaults},
	Volume = {115},
	Year = {2015}}

@unpublished{Rajgopal2006,
	Author = {Rajgopal, Shivaram and Srinivasan, Suraj},
	Note = {Working Paper},
	Owner = {herpfer},
	Timestamp = {2013.05.26},
	Title = {Pay dispersion in the executive suite},
	Year = {2006}}

@article{Reuer2013,
	Author = {Reuer, Jeffrey J and Lahiri, Nandini},
	Journal = {Organization Science},
	Number = {1},
	Pages = {283--298},
	Publisher = {INFORMS},
	Title = {Searching for alliance partners: Effects of geographic distance on the formation of {R\&D} collaborations},
	Volume = {25},
	Year = {2013}}

@Article{Robinson2008,
  author    = {Robinson, David T},
  title     = {Strategic Alliances and the Boundaries of the Firm},
  journal   = {Review of Financial Studies},
  year      = {2008},
  volume    = {21},
  number    = {2},
  pages     = {649--681},
  groups    = {Relationship Lending},
  owner     = {herpfer},
  publisher = {Soc Financial Studies},
  timestamp = {2016.02.17},
}

@article{Rosen1990,
	Author = {Rosen, Sherwin},
	Comment = {overview paper comparing productive differenctials with tournament incentives etc},
	Institution = {National Bureau of Economic Research},
	Owner = {herpfer},
	Timestamp = {2013.05.10},
	Title = {Contracts and the Market for Executives},
	Url = {http://www.nber.org/papers/w3542},
	Year = {1990},
	Bdsk-Url-1 = {http://www.nber.org/papers/w3542}}

@misc{Rosen1985,
	Author = {Rosen, Sherwin},
	Owner = {herpfer},
	Publisher = {American Economic Review, 76: 701-15},
	Timestamp = {2013.05.28},
	Title = {Prizes and incentives in elimination tournaments},
	Url = {http://www.nber.org/papers/w1668},
	Year = {1986},
	Bdsk-Url-1 = {http://www.nber.org/papers/w1668}}

@article{Schottner2010,
	Author = {Sch{\"o}ttner, Anja and Thiele, Veikko},
	Comment = {Interaction of piece rate with tournament pay. Performance skill needed in lower job same as in higher job. Promotion based on output.},
	Journal = {Journal of Economics \& Management Strategy},
	Number = {3},
	Owner = {herpfer},
	Pages = {699--731},
	Publisher = {Wiley Online Library},
	Timestamp = {2013.04.10},
	Title = {Promotion tournaments and individual performance pay},
	Url = {http://onlinelibrary.wiley.com/doi/10.1111/j.1530-9134.2010.00267.x/full},
	Volume = {19},
	Year = {2010},
	Bdsk-Url-1 = {http://onlinelibrary.wiley.com/doi/10.1111/j.1530-9134.2010.00267.x/full}}

@book{Schumpeter1939,
	Author = {Schumpeter, Joseph Alois},
	Groups = {Relationship Lending},
	Owner = {herpfer},
	Publisher = {Cambridge Univ Press},
	Timestamp = {2016.01.28},
	Title = {Business {C}ycles},
	Year = {1939}}

@article{schwert1981,
	Author = {G.W. Schwert},
	Groups = {Courts and Corporations},
	Journal = {Journal of Law and Economics},
	Pages = {121--158},
	Publisher = {JSTOR},
	Title = {Using financial data to measure effects of regulation},
	Volume = {30},
	Year = {1981}}

@Article{Sharpe1990,
  author    = {Sharpe, Steven A},
  title     = {Asymmetric information, bank lending, and implicit contracts: A stylized model of customer relationships},
  journal   = {Journal of Finance},
  year      = {1990},
  volume    = {45},
  number    = {4},
  pages     = {1069--1087},
  groups    = {Relationship Lending},
  owner     = {herpfer},
  publisher = {Wiley Online Library},
  timestamp = {2015.08.12},
}

@article{Smith1979,
	Author = {Smith, Clifford W and Warner, Jerold B},
	Groups = {Relationship Lending},
	Journal = {Journal of Financial Economics},
	Number = {2},
	Owner = {herpfer},
	Pages = {117--161},
	Publisher = {Elsevier},
	Timestamp = {2016.02.01},
	Title = {On financial contracting: An analysis of bond covenants},
	Volume = {7},
	Year = {1979}}

@Article{Spamann2010,
  author    = {H. Spamann},
  journal   = {Review of Financial Studies},
  year      = {2010},
  volume    = {23},
  number    = {2},
  pages     = {467--486},
  groups    = {Courts and Corporations},
  owner     = {herpfer},
  publisher = {Soc Financial Studies},
  timestamp = {2015.04.21},
}

@article{Spier2007,
	Author = {K.E. Spier},
	Groups = {Courts and Corporations},
	Journal = {Handbook of Law and Economics},
	Owner = {herpfer},
	Pages = {259--342},
	Publisher = {Elsevier},
	Timestamp = {2015.04.30},
	Title = {Litigation},
	Volume = {1},
	Year = {2007}}

@Article{Stein2002,
  author    = {Stein, Jeremy C},
  title     = {Information production and capital allocation: Decentralized versus hierarchical firms},
  journal   = {Journal of Finance},
  year      = {2002},
  volume    = {57},
  number    = {5},
  pages     = {1891--1921},
  groups    = {Relationship Lending},
  owner     = {herpfer},
  publisher = {Wiley Online Library},
  timestamp = {2014.11.25},
}

@article{Stock2005,
	Author = {Stock, James H and Yogo, Motohiro},
	Journal = {Identification and inference for econometric models: Essays in honor of Thomas Rothenberg},
	Owner = {herpfer},
	Timestamp = {2016.01.29},
	Title = {Testing for weak instruments in linear IV regression},
	Year = {2005}}

@Article{Sufi2009,
  author    = {Sufi, Amir},
  title     = {Bank lines of credit in corporate finance: An empirical analysis},
  journal   = {Review of Financial Studies},
  year      = {2009},
  volume    = {22},
  number    = {3},
  pages     = {1057--1088},
  groups    = {Relationship Lending},
  owner     = {herpfer},
  publisher = {Soc Financial Studies},
  timestamp = {2014.11.13},
}

@Article{Sufi2009a,
  author    = {Sufi, Amir},
  title     = {The real effects of debt certification: Evidence from the introduction of bank loan ratings},
  journal   = {Review of Financial Studies},
  year      = {2009},
  volume    = {22},
  number    = {4},
  pages     = {1659--1691},
  groups    = {Relationship Lending},
  owner     = {herpfer},
  publisher = {Soc Financial Studies},
  timestamp = {2014.11.13},
}

@Article{Sufi2007,
  author    = {Sufi, Amir},
  title     = {Information asymmetry and financing arrangements: Evidence from syndicated loans},
  journal   = {Journal of Finance},
  year      = {2007},
  volume    = {62},
  number    = {2},
  pages     = {629--668},
  groups    = {Relationship Lending},
  owner     = {herpfer},
  publisher = {Wiley Online Library},
  timestamp = {2015.08.20},
}

@unpublished{Sukhatme2014,
	Author = {N.E. Sukhatme},
	Groups = {Courts and Corporations},
	Note = {Unpublished working paper, Princeton University},
	Owner = {herpfer},
	Timestamp = {2015.04.30},
	Title = {A theoretical and empirical study of forum shopping in diversity cases},
	Year = {2014}}

@article{Taha2009,
	Author = {A.E. Taha},
	Groups = {Courts and Corporations},
	Journal = {University of Cincinnati Law Review},
	Owner = {herpfer},
	Pages = {5},
	Timestamp = {2015.04.20},
	Title = {Judge shopping: Testing whether judges' political orientations affect case filings},
	Volume = {78},
	Year = {2011}}

@article{Treble2001,
	Author = {Treble, John and Van Gameren, Edwin and Bridges, Sarah and Barmby, Tim},
	Journal = {Labour Economics},
	Number = {5},
	Owner = {herpfer},
	Pages = {531--552},
	Publisher = {Elsevier},
	Timestamp = {2013.04.10},
	Title = {The internal economics of the firm: further evidence from personnel data},
	Url = {http://www.sciencedirect.com/science/article/pii/S0927537101000458},
	Volume = {8},
	Year = {2001},
	Bdsk-Url-1 = {http://www.sciencedirect.com/science/article/pii/S0927537101000458}}

@article{Tsoulouhas2007,
	Author = {Tsoulouhas, Theofanis and Knoeber, Charles R and Agrawal, Anup},
	Comment = {Outside vs inside succession: Promoting internally increases incentives to work hard, but at the cost of passing up potentially smarter outsiders.},
	File = {Published version:Tsoulouhas2007.pdf:PDF},
	Journal = {Economic Theory},
	Number = {2},
	Owner = {herpfer},
	Pages = {195--221},
	Publisher = {Springer},
	Timestamp = {2013.04.10},
	Title = {Contests to become CEO: incentives, selection and handicaps},
	Url = {http://link.springer.com/article/10.1007/s00199-005-0060-8},
	Volume = {30},
	Year = {2007},
	Bdsk-Url-1 = {http://link.springer.com/article/10.1007/s00199-005-0060-8}}

@article{Tsoulouhas2007a,
	Author = {Tsoulouhas, Theofanis and Marinakis, Kosmas},
	Journal = {Available at SSRN 1026073},
	Owner = {herpfer},
	Timestamp = {2013.04.10},
	Title = {Tournaments with ex post heterogeneous agents},
	Url = {http://papers.ssrn.com/sol3/papers.cfm?abstract_id=1026073},
	Year = {2007},
	Bdsk-Url-1 = {http://papers.ssrn.com/sol3/papers.cfm?abstract_id=1026073}}

@techreport{Office2013,
	Author = {{U.S. Government Accountability Office}},
	Groups = {Courts and Corporations},
	Owner = {herpfer},
	Timestamp = {2015.06.30},
	Title = {Intellectual property: Assessing factors that affect patent infringement litigation could help improve patent quality},
	Year = {2013}}

@article{Uchida2012,
	Author = {Uchida, Hirofumi and Udell, Gregory F and Yamori, Nobuyoshi},
	Groups = {Relationship Lending},
	Journal = {Journal of Financial Intermediation},
	Number = {1},
	Owner = {herpfer},
	Pages = {97--122},
	Publisher = {Elsevier},
	Timestamp = {2014.12.01},
	Title = {Loan officers and relationship lending to SMEs},
	Volume = {21},
	Year = {2012}}

@article{Uzzi1999,
	Author = {Uzzi, Brian},
	Groups = {Relationship Lending},
	Journal = {American Sociological Review},
	Number = {4},
	Owner = {herpfer},
	Pages = {481--505},
	Publisher = {JSTOR},
	Timestamp = {2016.01.27},
	Title = {Embeddedness in the making of financial capital: How social relations and networks benefit firms seeking financing},
	Volume = {64},
	Year = {1999}}

@article{Uzzi2003,
	Author = {Uzzi, Brian and Lancaster, Ryon},
	Groups = {Relationship Lending},
	Journal = {Management Science},
	Number = {4},
	Owner = {herpfer},
	Pages = {383--399},
	Publisher = {INFORMS},
	Timestamp = {2014.11.13},
	Title = {Relational embeddedness and learning: The case of bank loan managers and their clients},
	Volume = {49},
	Year = {2003}}

@article{VonThadden2004,
	Author = {Von Thadden, Ernst-Ludwig},
	Groups = {Relationship Lending},
	Journal = {Finance Research Letters},
	Number = {1},
	Owner = {herpfer},
	Pages = {11--23},
	Publisher = {Elsevier},
	Timestamp = {2015.08.12},
	Title = {Asymmetric information, bank lending and implicit contracts: the winner's curse},
	Volume = {1},
	Year = {2004}}

@inproceedings{Winkler1999,
	Author = {Winkler, William E},
	Booktitle = {Statistical Research Division, US Census Bureau},
	Groups = {Relationship Lending},
	Organization = {Citeseer},
	Owner = {herpfer},
	Timestamp = {2014.11.17},
	Title = {The state of record linkage and current research problems},
	Year = {1999}}

@book{econ:2015,
	Groups = {Relationship Lending},
	Owner = {herpfer},
	Publisher = {The Economist/Profile Books Limited},
	Timestamp = {2015.02.25},
	Title = {Pocket World in Figures},
	Year = {2015}}

@article{Chamberlain1980,
	Author = {Gary Chamberlain},
	Journal = {Review of Economic Studies},
	Number = {1},
	Pages = {225-238},
	Title = {Analysis of Covariance with Qualitative Data},
	Volume = {47},
	Year = {1980}}

@article{Lang1994,
	Journal = {Journal of Political Economy},
	Number = {6},
	Pages = {1248-1280},
	Title = {Tobin's q, Corporate Diversification, and Firm Performance},
	Volume = {102},
	Year = {1994}}

@Article{Vasicek1973,
  author  = {Oldrich A. Vasicek},
  title   = {A Note on Using Cross-Sectional Information in {B}ayesian Estimation of Security Betas},
  journal = {Journal of Finance},
  year    = {1973},
  volume  = {28},
  number  = {5},
  pages   = {1233-1239},
}

@Article{Bebchuk2008,
  author  = {Lucian Bebchuck and Alma Cohen and Allen Ferrell},
  title   = {What Matters in Corporate Governance?},
  journal = {Review of Financial Studies},
  year    = {2008},
  volume  = {22},
  number  = {3},
  pages   = {783-827},
}

@Article{Rice2010,
  author  = {Tara Rice and Philip E. Strahan},
  title   = {Does Credit Competition Affect Small-Firm Finance?},
  journal = {Journal of Finance},
  year    = {2010},
  volume  = {65},
  number  = {3},
  pages   = {861-889},
}

@Article{Ivashina2009a,
  author  = {Victoria Ivashina and Vinay B. Nair and Anthony Saunders and Nadia Massoud and Roger Stover},
  title   = {Bank Debt and Corporate Governance},
  journal = {Review of Financial Studies},
  year    = {2009},
  volume  = {1},
  number  = {1},
  pages   = {41-77},
}

@unpublished{Herpfer2017,
	Author = {Christoph Herpfer and Aksel Mj{\o}s and Cornelius Schmidt},
	Note = {{W}orking {P}aper},
	Title = {The causal impact of distance on bank lending},
	Year = {2017}}

@Misc{Herpfer2017a,
  author       = {Herpfer, Christoph},
  title        = {The Role of Bankers in the {US} Syndicated Loan Market},
  year         = {2018},
  howpublished = {{W}orking paper, {E}mory {U}niversity},
}

@Misc{Gao2017,
  author       = {Gao, Janet and Martin, Xiumin and Pacelli, Joseph},
  title        = {Do loan officers impact lending decisions? {E}vidence from the corporate loan market},
  year         = {2017},
  howpublished = {{W}orking paper, {I}ndiana {U}niversity},
}

@article{Terza2008,
	Author = {Joseph V. Terza and Anirban Basu and Paul J. Rathouz},
	Journal = {Journal of Health Economics},
	Number = {3},
	Pages = {531-543},
	Title = {Two-Stage Residual Inclusion Estimation: Addressing Endogeneity in Health Econometric Modelling},
	Volume = {27},
	Year = {2008}}

@article{Hausman1978,
	Author = {J. A. Hausman},
	Journal = {Econometrica},
	Number = {6},
	Pages = {1251-1271},
	Title = {Specification Tests in Microeconometrics},
	Volume = {46},
	Year = {1978}}

@Article{Chen2013,
  author  = {Joseph Chen and Harrison Hong and Wenxi Jiang and Jeffrey D. Kubik},
  title   = {Outsourcing Mutual Fund Management: Firm Boundaries, Incentives, and Performance},
  journal = {Journal of Finance},
  year    = {2013},
  volume  = {68},
  number  = {2},
  pages   = {523-558},
}

@Misc{Gao2018,
  author       = {Gao, Janet and Kleiner, Kristoph and Pacelli, Joseph},
  title        = {Credit and punishment: Career incentives in corporate banking},
  year         = {2020},
  howpublished = {Review of {F}inancial {S}tudies, {F}orthcoming},
}

@article{Bodnaruk2013,
	Author = {Andriy Bodnaruk and Massimo Massa and Andrei Simonov},
	Issue = {3},
	Journal = {Journal of Financial Economics},
	Pages = {671-693},
	Title = {Alliances and corporate governance},
	Volume = {107},
	Year = {2013}}

@article{Berger2004,
	Author = {Berger, Allen N and Udell, Gregory F},
	Journal = {Journal of financial intermediation},
	Number = {4},
	Pages = {458--495},
	Publisher = {Elsevier},
	Title = {The institutional memory hypothesis and the procyclicality of bank lending behavior},
	Volume = {13},
	Year = {2004}}

@article{Ozmel2013,
	Author = {Ozmel, Umit and Robinson, David T and Stuart, Toby E},
	Journal = {Journal of Financial Economics},
	Number = {3},
	Pages = {655--670},
	Publisher = {Elsevier},
	Title = {Strategic alliances, venture capital, and exit decisions in early stage high-tech firms},
	Volume = {107},
	Year = {2013}}

@article{Esty2001,
	Author = {Benjamin C. Esty},
	Journal = {Journal of Applied Corporate Finance},
	Number = {3},
	Pages = {80-95},
	Title = {Structuring Loan Syndicates: A Case Study of the {Hong Kong Disneyland} Project Loan},
	Volume = {14},
	Year = {2001}}

@unpublished{babina2017,
	Author = {Babina, Tania and Garcia, Diego and Tate, Geoffrey A},
	Note = {{W}orking {P}aper, Columbia Business School},
	Title = {Friends during Hard Times: Evidence from the Great Depression},
	Year = {2017}}

@article{roberts2009,
	Author = {Roberts, Michael R and Sufi, Amir},
	Journal = {Journal of Financial Economics},
	Number = {2},
	Pages = {159--184},
	Publisher = {Elsevier},
	Title = {Renegotiation of financial contracts: Evidence from private credit agreements},
	Volume = {93},
	Year = {2009}}

@Misc{keil2019,
  author = {Keil, Jan and M{\"u}ller, Karsten},
  title  = {Bank Branching Deregulation and the Syndicated Loan Market},
  year   = {2019},
  note   = {Journal of Financial and Quantitative Analysis, forthcoming},
}

@Misc{Fee2017,
  author       = {Fee, C Edward and Subramaniam, Venkat and Wang, Maobin and Zhang, Yi},
  title        = {Bank Lenders as Matchmakers? {W}hen Acquirers and Targets Share a Common Lender},
  year         = {2017},
  howpublished = {{W}orking paper, {T}ulane {U}niversity},
}

@article{Roberts2015,
	Author = {Roberts, Michael R},
	Journal = {Journal of Financial Economics},
	Number = {1},
	Pages = {61--81},
	Publisher = {Elsevier},
	Title = {The role of dynamic renegotiation and asymmetric information in financial contracting},
	Volume = {116},
	Year = {2015}}

@unpublished{Gonzalez-Uribe2017,
	Author = {Gonzalez-Uribe, Juanita},
	Note = {{W}orking {P}aper, London School of Economics},
	Title = {Exchanges in Venture Capital Portfolios},
	Year = {2017}}

@Article{Liberti2015,
  author  = {Liberti, Jose Maria and Seru, Amit and Vig, Vikrant},
  title   = {Information, credit, and organization},
  journal = {Working Paper},
  year    = {2017},
}

@Article{Altman1968,
  author    = {Altman, Edward I},
  title     = {Financial ratios, discriminant analysis and the prediction of corporate bankruptcy},
  journal   = {Journal of Finance},
  year      = {1968},
  volume    = {23},
  number    = {4},
  pages     = {589--609},
  publisher = {Wiley Online Library},
}

@book{Angrist2009,
	Location = {Princeton},
	Publisher = {Princeton University Press},
	Pubstate = {New Jersey},
	Title = {Mostly Harmless Econometrics: An Empiricist's Companion},
	Year = {2009}}

@Misc{GaoKarolyi2018,
  author        = {Janet Gao and Stephen A. Karolyi and Joseph Pacelli},
  title         = {Screening and Monitoring by Inattentive Corporate Loan Officers},
  year          = {2018},
  howpublished  = {{W}orking paper, {I}ndiana {U}niversity},
  date-modified = {2018-09-14 12:51:40 +0200},
}

@Misc{Coiculescu2018,
  author        = {Gabriela Coiculescu},
  title         = {Banking Relationships and the Formation of Supply-Chain Relationships},
  year          = {2018},
  howpublished  = {{W}orking paper, {Y}eshiva {U}niversity},
  date-modified = {2018-09-14 12:51:20 +0200},
}

@Article{Fama1985,
  author    = {Fama, Eugene F},
  title     = {What's different about banks?},
  journal   = {Journal of Monetary Economics},
  year      = {1985},
  volume    = {15},
  number    = {1},
  pages     = {29--39},
  publisher = {Elsevier},
}

@Article{Massoud2011,
  author    = {Massoud, Nadia and Nandy, Debarshi and Saunders, Anthony and Song, Keke},
  title     = {Do hedge funds trade on private information? {E}vidence from syndicated lending and short-selling},
  journal   = {Journal of Financial Economics},
  year      = {2011},
  volume    = {99},
  number    = {3},
  pages     = {477--499},
  publisher = {Elsevier},
}

@Misc{Tabord2018,
  author = {Max Tabord-Meehan},
  title  = {Inference with dyadic data: Asymptotic behavior of the dyadic-robust t-statistic},
  year   = {2018},
  note   = {Journal of Business \& Economic Statistics},
}

@Article{Garmaise2016,
  author  = {Mark J. Garmaise and Gabriel Natividad},
  title   = {Spillovers in Local Banking Markets},
  journal = {Review of Corporate Finance Studies},
  year    = {2016},
  volume  = {5},
  number  = {2},
  pages   = {139-165},
}

@Misc{Cameron2014,
  author       = {A. Colin Cameron and Douglas L. Miller},
  title        = {Robust Inference for Dyadic Data},
  year         = {2014},
  howpublished = {{W}orking paper, {U}niversity of {C}alifornia, {D}avis},
}

@Article{Fafchamps2007,
  author  = {Marcel Fafchamps and Flore Gubert},
  title   = {Risk Sharing and Network Formation},
  journal = {American Economic Review},
  year    = {2007},
  volume  = {97},
  number  = {2},
  pages   = {75-79},
}

@Article{ivashina2011,
  author    = {Ivashina, Victoria and Sun, Zheng},
  title     = {Institutional stock trading on loan market information},
  journal   = {Journal of financial Economics},
  year      = {2011},
  volume    = {100},
  number    = {2},
  pages     = {284--303},
  publisher = {Elsevier},
}

@Misc{FinancialTimes2018,
  author       = {{Financial Times}},
  title        = {Alibaba and {T}encent tell bankers to pick sides},
  year         = {2018},
  howpublished = {L. Lucas, D. Weinland, June 5.},
}

@Misc{SEC2007,
  author = {{Securities and Exchange Commission}},
  title  = {{SEC} v. {B}arclays {B}ank {PLC} and {S}teven {J}.\ {L}andzberg, 07-{CV}-04427},
  year   = {2007},
  note   = {Litigation Release No. 20132, May 30},
}

@Misc{NYT1999,
  author = {{The New York Times}},
  title  = {Mannesmann sues {G}oldman in phone war},
  year   = {1999},
  note   = {A. Sorkin, A. Cowell, November 16},
}

@Article{Lowry2019,
  author  = {Michelle Lowry and Macro Rossi and Zhongyan Zhu},
  title   = {Informed trading by advisor banks: {E}vidence from option holdings},
  journal = {Review of Financial Studies},
  year    = {2019},
  volume  = {32},
  number  = {2},
  pages   = {605-645},
}

@Misc{FT2006,
  author = {{Financial Times}},
  title  = {{A}ustralia accuses {C}itigroup of insider trading},
  year   = {2006},
  note   = {V. {M}arsh, April 1},
}

@Article{Bodnaruk2009,
  author  = {A. Bodnaruk and M. Massa and A. Simonov},
  title   = {Investment banks as insiders and the market for corporate control},
  journal = {Review of Financial Studies},
  year    = {2009},
  volume  = {22},
  number  = {12},
  pages   = {4989-5026},
}

@Article{Acharya2007,
  author  = {Viral Acharya and Timothy Johnson},
  title   = {Insider trading in credit derivatives},
  journal = {Journal of Financial Economics},
  year    = {2007},
  volume  = {84},
  number  = {1},
  pages   = {110-141},
}

@Article{Griffin2012,
  author  = {John Griffin and Tao Shu and Selim Topaloglu},
  title   = {Examining the Dark Side of Financial Markets: {D}o Institutions Trade on Information from Investment Bank Connections?},
  journal = {Review of Financial Studies},
  year    = {2012},
  volume  = {25},
  number  = {7},
  pages   = {2155-2188},
}

@Article{Kedia2014,
  author  = {Simi Kedia and Xing Zhou},
  title   = {Informed trading around acquisitions: {E}vidence from corporate bonds},
  journal = {Journal of Financial Markets},
  year    = {2014},
  volume  = {18},
  pages   = {182-205},
}

@Article{He2017,
  author  = {Jie He and Jiekun Huang},
  title   = {Product Market Competition in a World of Cross-Ownership: {E}vidence from Institutional Blockholdings},
  journal = {Review of Financial Studies},
  year    = {2017},
  volume  = {30},
  number  = {8},
  pages   = {2674-2718},
}

@Article{Mariti1983,
  author  = {P. Mariti and R. Smiley},
  title   = {Co-Operative Agreements and the Organization of Industry},
  journal = {Journal of Industrial Economics},
  year    = {1983},
  volume  = {31},
  number  = {4},
  pages   = {437-451},
}

@Misc{WSJ2018,
  author = {{The Wall Street Journal}},
  title  = {The New Floor for Bond Underwriting Fees: \$1},
  year   = {2018},
  note   = {M. Dalal, January 3},
}

@Misc{WSJ2017,
  author = {{The Wall Street Journal}},
  title  = {Goldman {S}achs embraces banking's bland side: {L}ending money},
  year   = {2017},
  note   = {L. Hoffman, May 1},
}

@Misc{FT2016,
  author = {{Financial Times}},
  title  = {City rainmakers unfazed by {FCA} capital markets report},
  year   = {2016},
  note   = {M. Arnold, April 14},
}

@Misc{FT2016a,
  author = {{Financial Times}},
  title  = {Goldman {S}achs faces further questions from {MP}s},
  year   = {2016},
  note   = {M. Vandevelde, July 31},
}

@Misc{NYT2018,
  author = {{The New York Times}},
  title  = {A Top {G}oldman Banker Raised Ethics Concerns. {T}hen He Was Gone.},
  year   = {2018},
  note   = {E. Flitter, K. Kelly, D. Enrich, September 11},
}

@Misc{NYT2003,
  author = {{The New York Times}},
  title  = {Auto Parts Manufacturer Sues Banker of an Unwanted Suitor},
  year   = {2003},
  note   = {A. Sorkin, August 5},
}

@Article{Bharath2007,
  author    = {Bharath, Sreedhar and Dahiya, Sandeep and Saunders, Anthony and Srinivasan, Anand},
  title     = {So what do {I} get? {T}he bank's view of lending relationships},
  journal   = {Journal of Financial Economics},
  year      = {2007},
  volume    = {85},
  number    = {2},
  pages     = {368--419},
  publisher = {Elsevier},
}

@Article{azar2018,
  author    = {Azar, Jos{\'e} and Schmalz, Martin C and Tecu, Isabel},
  title     = {Anticompetitive effects of common ownership},
  journal   = {Journal of Finance},
  year      = {2018},
  volume    = {73},
  number    = {4},
  pages     = {1513--1565},
  publisher = {Wiley Online Library},
}

@Misc{Saidi2019,
  author       = {Saidi, Farzad and Streitz, Daniel},
  title        = {Bank concentration and product market competition},
  year         = {2019},
  howpublished = {{W}orking paper, {S}tockholm {S}chool of {E}conomics},
}

@Article{Cornaggia2019,
  author    = {Cornaggia, Jess and Li, Jay Yin},
  title     = {The value of access to finance: {E}vidence from {M}\&{A}s},
  journal   = {Journal of {F}inancial {E}conomics},
  year      = {2019},
  volume    = {131},
  number    = {1},
  pages     = {232--250},
  publisher = {Elsevier},
}

@Article{Cornaggia2015,
  author    = {Cornaggia, Jess and Mao, Yifei and Tian, Xuan and Wolfe, Brian},
  title     = {Does banking competition affect innovation?},
  journal   = {Journal of Financial Economics},
  year      = {2015},
  volume    = {115},
  number    = {1},
  pages     = {189--209},
  publisher = {Elsevier},
}

@Article{Hellmann2007,
  author    = {Hellmann, Thomas and Lindsey, Laura and Puri, Manju},
  title     = {Building relationships early: Banks in venture capital},
  journal   = {The Review of Financial Studies},
  year      = {2007},
  volume    = {21},
  number    = {2},
  pages     = {513--541},
  publisher = {Oxford University Press},
}

@Misc{TheStreet2015,
  author       = {{The Street}},
  title        = {{S}ilicon {V}alley {B}ank plays matchmaker between tech and wine},
  year         = {2015},
  howpublished = {D. Marcus, August 11},
}

@Misc{ChinaDaily2016,
  author       = {{China Daily}},
  title        = {{BOC} plays international matchmaker for {SMEs}},
  year         = {2016},
  howpublished = {Jiang Xueqing, July 2},
}

@Misc{Bloomberg2019,
  author       = {{Bloomberg}},
  title        = {{B}uffet says {B}ank of {A}merica {CEO} was matchmaker on {O}ccidental deal},
  year         = {2019},
  howpublished = {K. Chiglinsky, May 3},
}

@Misc{PwC2016,
  author       = {{PwC US}},
  title        = {2016 {PwC} {US} {CEO} Survey: {M}eet your partner: {T}he bank as matchmaker},
  year         = {2016},
  howpublished = {https://www.youtube.com/watch?v=t3wAOBeG81o, accessed August 16, 2019},
}

@Article{Asker2010,
  author    = {Asker, John and Ljungqvist, Alexander},
  title     = {Competition and the structure of vertical relationships in capital markets},
  journal   = {Journal of Political Economy},
  year      = {2010},
  volume    = {118},
  number    = {3},
  pages     = {599--647},
  publisher = {The University of Chicago Press},
}

@Article{Stein2008,
  author        = {Stein, Jeremy C},
  title         = {Conversations among competitors},
  journal       = {American Economic Review},
  year          = {2008},
  volume        = {98},
  number        = {5},
  pages         = {2150--62},
  __markedentry = {[cherpfe:]},
}

@Article{Lo2014,
  author        = {Lo, Alvis K},
  title         = {Do declines in bank health affect borrowers’ voluntary disclosures? Evidence from international propagation of banking shocks},
  journal       = {Journal of {A}ccounting {R}esearch},
  year          = {2014},
  volume        = {52},
  number        = {2},
  pages         = {541--581},
  __markedentry = {[cherpfe:6]},
  publisher     = {Wiley Online Library},
}

@Article{chodorow2014,
  author    = {Chodorow-Reich, Gabriel},
  title     = {The employment effects of credit market disruptions: Firm-level evidence from the 2008--9 financial crisis},
  journal   = {The Quarterly Journal of Economics},
  year      = {2014},
  volume    = {129},
  number    = {1},
  pages     = {1--59},
  publisher = {MIT Press},
}

@Comment{jabref-meta: databaseType:biblatex;}

@Comment{jabref-meta: grouping:
0 AllEntriesGroup:;
1 StaticGroup:Rank Order Torunaments\;0\;1\;\;\;\;;
1 StaticGroup:Relationship Lending\;0\;1\;\;\;\;;
1 StaticGroup:Courts and Corporations\;0\;1\;\;\;\;;
}
